<?xml version="1.0" encoding="UTF-8"?><collection xmlns="http://www.loc.gov/MARC21/slim"><record><leader>00571nam--2200193-i-4500</leader><controlfield tag="001">000012853</controlfield><controlfield tag="002">20161230</controlfield><controlfield tag="005">20161230201030</controlfield><controlfield tag="008">060222s1000------------r-----000-0-eng-d</controlfield><datafield ind1=" " ind2=" " tag="040"><subfield code="a">IFIN-HH</subfield></datafield><datafield ind1=" " ind2=" " tag="080"><subfield code="a">533.95</subfield></datafield><datafield ind1="1" ind2=" " tag="100"><subfield code="a">Bauer, Frances</subfield></datafield><datafield ind1="1" ind2="0" tag="245"><subfield code="a">A computational method in plasma physics</subfield><subfield code="c">Frances bauer, octavio betancourt, paul garabedian,</subfield></datafield><datafield ind1=" " ind2=" " tag="260"><subfield code="a">New York, Springer-verlag, 1978</subfield></datafield><datafield ind1=" " ind2=" " tag="300"><subfield code="a">VIII + 144 P</subfield></datafield><datafield ind1=" " ind2=" " tag="490"><subfield code="a">Springer Series In Computational Physics</subfield></datafield><datafield ind1="1" ind2=" " tag="700"><subfield code="a">Garabedian, Paul</subfield></datafield><datafield ind1=" " ind2=" " tag="852"><subfield code="a">46529</subfield><subfield code="c">533.9</subfield></datafield><datafield ind1=" " ind2=" " tag="CAT"><subfield code="a">Sys</subfield><subfield code="c">20100928</subfield><subfield code="h">153542</subfield></datafield></record></collection>